<record xmlns="http://www.loc.gov/MARC21/slim" xmlns:xsi="http://www.w3.org/2001/XMLSchema-instance" xsi:schemaLocation="http://www.loc.gov/MARC21/slim http://www.loc.gov/standards/marcxml/schema/MARC21slim.xsd"><leader>01693nam a2200385   4500</leader><controlfield tag="001">3074045</controlfield><controlfield tag="003">NNC</controlfield><controlfield tag="006">m        d        </controlfield><controlfield tag="007">cr cn |||m|||a</controlfield><controlfield tag="008">150223s1961    iq      o     000 0 araod</controlfield><datafield ind1=" " ind2=" " tag="040"><subfield code="a">NNU</subfield><subfield code="b">eng</subfield><subfield code="e">rda</subfield><subfield code="c">NNU</subfield></datafield><datafield ind1=" " ind2="4" tag="050"><subfield code="a">Z44</subfield><subfield code="b">.M78</subfield></datafield><datafield ind1="1" ind2=" " tag="100"><subfield code="6">880-01</subfield><subfield code="a">Muh&#803;ammad, Ha&#772;shim.</subfield></datafield><datafield ind1="1" ind2="0" tag="245"><subfield code="6">880-02</subfield><subfield code="a">Qawa&#772;&#699;id al-khat&#803;t&#803; al-&#699;Arabi&#772; /</subfield><subfield code="c">bi-khat&#803;t&#803; Ha&#772;shim Muh&#803;ammad.</subfield></datafield><datafield ind1=" " ind2=" " tag="260"><subfield code="6">880-03</subfield><subfield code="a">[Baghda&#772;d] :</subfield><subfield code="b">Ha&#772;shim Muh&#803;ammad,</subfield><subfield code="c">1961.</subfield></datafield><datafield ind1=" " ind2=" " tag="300"><subfield code="a">online resource (64 pages)</subfield></datafield><datafield ind1=" " ind2=" " tag="336"><subfield code="a">text</subfield><subfield code="2">rdacontent</subfield></datafield><datafield ind1=" " ind2=" " tag="337"><subfield code="a">computer</subfield><subfield code="2">rdamedia</subfield></datafield><datafield ind1=" " ind2=" " tag="338"><subfield code="a">online resource</subfield><subfield code="2">rdacarrier</subfield></datafield><datafield ind1=" " ind2=" " tag="500"><subfield code="a">"Majmu&#772;&#699;ah khat&#803;t&#803;i&#772;yah li-anwa&#772;&#699; al-khut&#803;u&#772;t&#803; al-&#699;Arabi&#772;yah."</subfield></datafield><datafield ind1=" " ind2=" " tag="500"><subfield code="a">Part of the Arabic Collections Online (ACO) project, contributed by Columbia University Libraries.</subfield></datafield><datafield ind1=" " ind2=" " tag="533"><subfield code="a">Electronic reproduction.</subfield><subfield code="b">New York, N.Y. :</subfield><subfield code="c">New York University,</subfield><subfield code="d">2015.</subfield><subfield code="5">NNU</subfield></datafield><datafield ind1=" " ind2="0" tag="650"><subfield code="a">Penmanship, Arabic.</subfield></datafield><datafield ind1=" " ind2="0" tag="650"><subfield code="a">Calligraphy, Arabic.</subfield></datafield><datafield ind1=" " ind2="7" tag="650"><subfield code="a">Calligraphy, Arabic.</subfield><subfield code="2">fast</subfield><subfield code="0">(OCoLC)fst00844384</subfield></datafield><datafield ind1=" " ind2="7" tag="650"><subfield code="a">Penmanship, Arabic.</subfield><subfield code="2">fast</subfield><subfield code="0">(OCoLC)fst01056977</subfield></datafield><datafield ind1="2" ind2=" " tag="710"><subfield code="a">Columbia University.</subfield><subfield code="b">Libraries.</subfield></datafield><datafield ind1="0" ind2=" " tag="730"><subfield code="a">Arabic Collections Online.</subfield></datafield><datafield ind1="0" ind2="8" tag="776"><subfield code="i">Print version:</subfield><subfield code="a">Muh&#803;ammad, Ha&#772;shim.</subfield><subfield code="t">Qawa&#772;&#699;id al-khat&#803;t&#803; al-&#699;Arabi&#772;</subfield><subfield code="w">(NNC)3074045</subfield><subfield code="w">(OCoLC)10158596</subfield></datafield><datafield ind1="4" ind2="0" tag="856"><subfield code="u">http://hdl.handle.net/2333.1/gtht78ch</subfield></datafield><datafield ind1="1" ind2=" " tag="880"><subfield code="6">100-01/r</subfield><subfield code="a">&#1605;&#1581;&#1605;&#1583;&#1548; &#1607;&#1575;&#1588;&#1605;.</subfield></datafield><datafield ind1="1" ind2="0" tag="880"><subfield code="6">245-02/r</subfield><subfield code="a">&#1602;&#1608;&#1575;&#1593;&#1583; &#1575;&#1604;&#1582;&#1591; &#1575;&#1604;&#1593;&#1585;&#1576;&#1610; /</subfield><subfield code="c">&#1576;&#1582;&#1591; &#1607;&#1575;&#1588;&#1605; &#1605;&#1581;&#1605;&#1583;.</subfield></datafield><datafield ind1=" " ind2=" " tag="880"><subfield code="6">260-03/r</subfield><subfield code="a">[&#1576;&#1594;&#1583;&#1575;&#1583;] :</subfield><subfield code="b">&#1607;&#1575;&#1588;&#1605; &#1605;&#1581;&#1605;&#1583;&#1548;</subfield><subfield code="c">1961.</subfield></datafield><datafield ind1=" " ind2=" " tag="959"><subfield code="a">NNU</subfield><subfield code="b">WEB</subfield><subfield code="c">GENI</subfield><subfield code="t">0</subfield><subfield code="m">Electronic access</subfield><subfield code="s">01</subfield></datafield><datafield ind1=" " ind2=" " tag="999"><subfield code="i">NNC_3074045</subfield><subfield code="o">(OCoLC)10158596</subfield><subfield code="s">columbia_aco000031</subfield></datafield></record>